%YAML 1.1
%TAG !u! tag:unity3d.com,2011:
--- !u!1 &1605747047987797562
GameObject:
  m_ObjectHideFlags: 0
  m_CorrespondingSourceObject: {fileID: 0}
  m_PrefabInstance: {fileID: 0}
  m_PrefabAsset: {fileID: 0}
  serializedVersion: 6
  m_Component:
  - component: {fileID: 1605747047988085274}
  - component: {fileID: 1605747047984661050}
  - component: {fileID: 1605747047985791226}
  - component: {fileID: 1605747047995059706}
  - component: {fileID: 1605747047715738697}
  - component: {fileID: 1605747047715738698}
  - component: {fileID: 1605747047715738696}
  - component: {fileID: 1605747047715738679}
  m_Layer: 0
  m_Name: GoldBrick(F)
  m_TagString: GoldBrick
  m_Icon: {fileID: 0}
  m_NavMeshLayer: 0
  m_StaticEditorFlags: 0
  m_IsActive: 1
--- !u!4 &1605747047988085274
Transform:
  m_ObjectHideFlags: 0
  m_CorrespondingSourceObject: {fileID: 0}
  m_PrefabInstance: {fileID: 0}
  m_PrefabAsset: {fileID: 0}
  m_GameObject: {fileID: 1605747047987797562}
  m_LocalRotation: {x: -0.6191233, y: 0.34159392, z: 0.6191233, w: 0.34159392}
  m_LocalPosition: {x: 0, y: 0, z: 0}
  m_LocalScale: {x: 0.21024032, y: 0.21024032, z: 0.21024032}
  m_Children:
  - {fileID: 1610158589403840060}
  m_Father: {fileID: 0}
  m_RootOrder: 0
  m_LocalEulerAnglesHint: {x: -122.226, y: 89.99999, z: 0}
--- !u!33 &1605747047984661050
MeshFilter:
  m_ObjectHideFlags: 0
  m_CorrespondingSourceObject: {fileID: 0}
  m_PrefabInstance: {fileID: 0}
  m_PrefabAsset: {fileID: 0}
  m_GameObject: {fileID: 1605747047987797562}
  m_Mesh: {fileID: 4300000, guid: 925004acf6bd340428bf91d01c74dbc3, type: 3}
--- !u!23 &1605747047985791226
MeshRenderer:
  m_ObjectHideFlags: 0
  m_CorrespondingSourceObject: {fileID: 0}
  m_PrefabInstance: {fileID: 0}
  m_PrefabAsset: {fileID: 0}
  m_GameObject: {fileID: 1605747047987797562}
  m_Enabled: 1
  m_CastShadows: 1
  m_ReceiveShadows: 1
  m_DynamicOccludee: 1
  m_MotionVectors: 1
  m_LightProbeUsage: 1
  m_ReflectionProbeUsage: 1
  m_RenderingLayerMask: 1
  m_RendererPriority: 0
  m_Materials:
  - {fileID: 2100000, guid: 925004acf6bd340428bf91d01c74dbc3, type: 3}
  m_StaticBatchInfo:
    firstSubMesh: 0
    subMeshCount: 0
  m_StaticBatchRoot: {fileID: 0}
  m_ProbeAnchor: {fileID: 0}
  m_LightProbeVolumeOverride: {fileID: 0}
  m_ScaleInLightmap: 1
  m_PreserveUVs: 0
  m_IgnoreNormalsForChartDetection: 0
  m_ImportantGI: 0
  m_StitchLightmapSeams: 0
  m_SelectedEditorRenderState: 3
  m_MinimumChartSize: 4
  m_AutoUVMaxDistance: 0.5
  m_AutoUVMaxAngle: 89
  m_LightmapParameters: {fileID: 0}
  m_SortingLayerID: 0
  m_SortingLayer: 0
  m_SortingOrder: 0
--- !u!95 &1605747047995059706
Animator:
  serializedVersion: 3
  m_ObjectHideFlags: 0
  m_CorrespondingSourceObject: {fileID: 0}
  m_PrefabInstance: {fileID: 0}
  m_PrefabAsset: {fileID: 0}
  m_GameObject: {fileID: 1605747047987797562}
  m_Enabled: 1
  m_Avatar: {fileID: 9000000, guid: 925004acf6bd340428bf91d01c74dbc3, type: 3}
  m_Controller: {fileID: 0}
  m_CullingMode: 0
  m_UpdateMode: 0
  m_ApplyRootMotion: 0
  m_LinearVelocityBlending: 0
  m_WarningMessage: 
  m_HasTransformHierarchy: 1
  m_AllowConstantClipSamplingOptimization: 1
  m_KeepAnimatorControllerStateOnDisable: 0
--- !u!54 &1605747047715738697
Rigidbody:
  m_ObjectHideFlags: 0
  m_CorrespondingSourceObject: {fileID: 0}
  m_PrefabInstance: {fileID: 0}
  m_PrefabAsset: {fileID: 0}
  m_GameObject: {fileID: 1605747047987797562}
  serializedVersion: 2
  m_Mass: 1
  m_Drag: 0
  m_AngularDrag: 0.05
  m_UseGravity: 0
  m_IsKinematic: 1
  m_Interpolate: 0
  m_Constraints: 14
  m_CollisionDetection: 0
--- !u!82 &1605747047715738698
AudioSource:
  m_ObjectHideFlags: 0
  m_CorrespondingSourceObject: {fileID: 0}
  m_PrefabInstance: {fileID: 0}
  m_PrefabAsset: {fileID: 0}
  m_GameObject: {fileID: 1605747047987797562}
  m_Enabled: 1
  serializedVersion: 4
  OutputAudioMixerGroup: {fileID: 0}
  m_audioClip: {fileID: 8300000, guid: 7179cc456a51b4a6ca3bee64fd00110f, type: 3}
  m_PlayOnAwake: 0
  m_Volume: 1
  m_Pitch: 1
  Loop: 0
  Mute: 0
  Spatialize: 0
  SpatializePostEffects: 0
  Priority: 6
  DopplerLevel: 1
  MinDistance: 1
  MaxDistance: 500
  Pan2D: 0
  rolloffMode: 0
  BypassEffects: 0
  BypassListenerEffects: 0
  BypassReverbZones: 0
  rolloffCustomCurve:
    serializedVersion: 2
    m_Curve:
    - serializedVersion: 3
      time: 0
      value: 1
      inSlope: 0
      outSlope: 0
      tangentMode: 0
      weightedMode: 0
      inWeight: 0.33333334
      outWeight: 0.33333334
    - serializedVersion: 3
      time: 1
      value: 0
      inSlope: 0
      outSlope: 0
      tangentMode: 0
      weightedMode: 0
      inWeight: 0.33333334
      outWeight: 0.33333334
    m_PreInfinity: 2
    m_PostInfinity: 2
    m_RotationOrder: 4
  panLevelCustomCurve:
    serializedVersion: 2
    m_Curve:
    - serializedVersion: 3
      time: 0
      value: 0
      inSlope: 0
      outSlope: 0
      tangentMode: 0
      weightedMode: 0
      inWeight: 0.33333334
      outWeight: 0.33333334
    m_PreInfinity: 2
    m_PostInfinity: 2
    m_RotationOrder: 4
  spreadCustomCurve:
    serializedVersion: 2
    m_Curve:
    - serializedVersion: 3
      time: 0
      value: 0
      inSlope: 0
      outSlope: 0
      tangentMode: 0
      weightedMode: 0
      inWeight: 0.33333334
      outWeight: 0.33333334
    m_PreInfinity: 2
    m_PostInfinity: 2
    m_RotationOrder: 4
  reverbZoneMixCustomCurve:
    serializedVersion: 2
    m_Curve:
    - serializedVersion: 3
      time: 0
      value: 1
      inSlope: 0
      outSlope: 0
      tangentMode: 0
      weightedMode: 0
      inWeight: 0.33333334
      outWeight: 0.33333334
    m_PreInfinity: 2
    m_PostInfinity: 2
    m_RotationOrder: 4
--- !u!65 &1605747047715738696
BoxCollider:
  m_ObjectHideFlags: 0
  m_CorrespondingSourceObject: {fileID: 0}
  m_PrefabInstance: {fileID: 0}
  m_PrefabAsset: {fileID: 0}
  m_GameObject: {fileID: 1605747047987797562}
  m_Material: {fileID: 0}
  m_IsTrigger: 1
  m_Enabled: 1
  serializedVersion: 2
  m_Size: {x: 0.946544, y: 2, z: 0.438424}
  m_Center: {x: -0.0000030845404, y: -0.000030517578, z: -1.1917179}
--- !u!114 &1605747047715738679
MonoBehaviour:
  m_ObjectHideFlags: 0
  m_CorrespondingSourceObject: {fileID: 0}
  m_PrefabInstance: {fileID: 0}
  m_PrefabAsset: {fileID: 0}
  m_GameObject: {fileID: 1605747047987797562}
  m_Enabled: 1
  m_EditorHideFlags: 0
  m_Script: {fileID: 11500000, guid: 579a3bd9cb69c47f2893a983f5a0d1c6, type: 3}
  m_Name: 
  m_EditorClassIdentifier: 
  target: {fileID: 1605747047987797562}
  effect: {fileID: 1480135488982215890}
  MusicClip: {fileID: 8300000, guid: 7179cc456a51b4a6ca3bee64fd00110f, type: 3}
  MusicSource: {fileID: 1605747047715738698}
  rotateSpeed: 30
--- !u!1001 &1605747047481651632
PrefabInstance:
  m_ObjectHideFlags: 0
  serializedVersion: 2
  m_Modification:
    m_TransformParent: {fileID: 1605747047988085274}
    m_Modifications:
    - target: {fileID: 1775406099119076, guid: 379785de5e39005469c875710d3cc5a7, type: 3}
      propertyPath: m_Name
      value: FireFlies (1)
      objectReference: {fileID: 0}
    - target: {fileID: 1775406099119076, guid: 379785de5e39005469c875710d3cc5a7, type: 3}
      propertyPath: m_StaticEditorFlags
      value: 0
      objectReference: {fileID: 0}
    - target: {fileID: 4693653493845900, guid: 379785de5e39005469c875710d3cc5a7, type: 3}
      propertyPath: m_LocalPosition.x
      value: 0
      objectReference: {fileID: 0}
    - target: {fileID: 4693653493845900, guid: 379785de5e39005469c875710d3cc5a7, type: 3}
      propertyPath: m_LocalPosition.y
      value: 0
      objectReference: {fileID: 0}
    - target: {fileID: 4693653493845900, guid: 379785de5e39005469c875710d3cc5a7, type: 3}
      propertyPath: m_LocalPosition.z
      value: 0
      objectReference: {fileID: 0}
    - target: {fileID: 4693653493845900, guid: 379785de5e39005469c875710d3cc5a7, type: 3}
      propertyPath: m_LocalRotation.x
      value: -0
      objectReference: {fileID: 0}
    - target: {fileID: 4693653493845900, guid: 379785de5e39005469c875710d3cc5a7, type: 3}
      propertyPath: m_LocalRotation.y
      value: -0
      objectReference: {fileID: 0}
    - target: {fileID: 4693653493845900, guid: 379785de5e39005469c875710d3cc5a7, type: 3}
      propertyPath: m_LocalRotation.z
      value: -0
      objectReference: {fileID: 0}
    - target: {fileID: 4693653493845900, guid: 379785de5e39005469c875710d3cc5a7, type: 3}
      propertyPath: m_LocalRotation.w
      value: 1
      objectReference: {fileID: 0}
    - target: {fileID: 4693653493845900, guid: 379785de5e39005469c875710d3cc5a7, type: 3}
      propertyPath: m_RootOrder
      value: 0
      objectReference: {fileID: 0}
    - target: {fileID: 4693653493845900, guid: 379785de5e39005469c875710d3cc5a7, type: 3}
      propertyPath: m_LocalEulerAnglesHint.x
      value: 0
      objectReference: {fileID: 0}
    - target: {fileID: 4693653493845900, guid: 379785de5e39005469c875710d3cc5a7, type: 3}
      propertyPath: m_LocalEulerAnglesHint.y
      value: 0
      objectReference: {fileID: 0}
    - target: {fileID: 4693653493845900, guid: 379785de5e39005469c875710d3cc5a7, type: 3}
      propertyPath: m_LocalEulerAnglesHint.z
      value: 0
      objectReference: {fileID: 0}
    - target: {fileID: 4693653493845900, guid: 379785de5e39005469c875710d3cc5a7, type: 3}
      propertyPath: m_LocalScale.x
      value: 0.004952858
      objectReference: {fileID: 0}
    - target: {fileID: 4693653493845900, guid: 379785de5e39005469c875710d3cc5a7, type: 3}
      propertyPath: m_LocalScale.y
      value: 0.0091360165
      objectReference: {fileID: 0}
    - target: {fileID: 4693653493845900, guid: 379785de5e39005469c875710d3cc5a7, type: 3}
      propertyPath: m_LocalScale.z
      value: 0.0069256467
      objectReference: {fileID: 0}
    - target: {fileID: 1135660793345562, guid: 379785de5e39005469c875710d3cc5a7, type: 3}
      propertyPath: m_StaticEditorFlags
      value: 0
      objectReference: {fileID: 0}
    m_RemovedComponents: []
  m_SourcePrefab: {fileID: 100100000, guid: 379785de5e39005469c875710d3cc5a7, type: 3}
--- !u!4 &1610158589403840060 stripped
Transform:
  m_CorrespondingSourceObject: {fileID: 4693653493845900, guid: 379785de5e39005469c875710d3cc5a7,
    type: 3}
  m_PrefabInstance: {fileID: 1605747047481651632}
  m_PrefabAsset: {fileID: 0}
--- !u!198 &1480135488982215890 stripped
ParticleSystem:
  m_CorrespondingSourceObject: {fileID: 198929192870305122, guid: 379785de5e39005469c875710d3cc5a7,
    type: 3}
  m_PrefabInstance: {fileID: 1605747047481651632}
  m_PrefabAsset: {fileID: 0}
